@techreport{bauer_sated_2018,
   address     = {Hamburg},
   type        = {FOR2104 Working Paper},
   title       = {Sated but {Thirsty}. {Towards} a {Multidimensional} {Measure} of {Need}-{Based} {Justice}},
   number      = {2018-03},
   author      = {Bauer, Alexander Max},
   year        = {2018}
}

@article{bauer_sated_2022,
   title       = {Sated but {Thirsty}. {A} {Prolegomenon} to {Multidimensional} {Measures} of {Need}‐{Based} {Justice}},
   volume      = {32},
   journal     = {Axiomathes},
   author      = {Bauer, Alexander Max},
   year        = {2022},
   pages       = {529--538}
}

@techreport{bauer_need_2020,
   address     = {Hamburg},
   type        = {FOR2104 Working Paper},
   title       = {Need, {Equity}, and {Accountability}. {Evidence} on {Third}-{Party} {Distributive} {Decisions} from an {Online} {Experiment}},
   number      = {2020-01},
   author      = {Bauer, Alexander Max and Meyer, Frauke and Romann, Jan and Siebel, Mark and Traub, Stefan},
   year        = {2020}
}

@article{bauer_need_2022,
   title       = {Need, {Equity}, and {Accountability}. {Evidence} on {Third}-{Party} {Distribution} {Decisions} from a {Vignette} {Study}},
   volume      = {59},
   journal     = {Social Choice and Welfare},
   author      = {Bauer, Alexander Max and Meyer, Frauke and Romann, Jan and Siebel, Mark and Traub, Stefan},
   year        = {2022},
   pages       = {769--814}
}

@book{bauer_philosophie_2019,
   address     = {Berlin and Boston},
   title       = {Philosophie zwischen {Sein} und {Sollen}. {Normative} {Theorie} und empirische {Forschung} im {Spannungsfeld}},
   publisher   = {Walter de Gruyter},
   editor      = {Bauer, Alexander Max and Meyerhuber, Malte Ingo},
   year        = {2019}
}

@book{bauer_empirical_2020,
   address     = {Berlin and Boston},
   title       = {Empirical {Research} and {Normative} {Theory}. {Transdisciplinary} {Perspectives} on two {Methodical} {Traditions} {Between} {Separation} and {Interdependence}},
   publisher   = {Walter de Gruyter},
   editor      = {Bauer, Alexander Max and Meyerhuber, Malte Ingo},
   year        = {2020}
}

@book{braybrooke_meeting_1987,
   address     = {Princeton},
   title       = {Meeting Needs},
   publisher   = {Princeton University Press},
   author      = {Braybrooke, David},
   year        = {1987}
}

@article{brock_needs_2005,
   title       = {Needs and {Global} {Justice}},
   volume      = {57},
   journal     = {Royal Institute of Philosophy Supplements},
   author      = {Brock, Gillian},
   year        = {2005},
   pages       = {51--72}
}

@incollection{brock_needs_2019,
   title       = {Needs in {Moral} and {Political} {Philosophy}},
   booktitle   = {Stanford Encyclopedia of Philosophy},
   author      = {Brock, Gillian and Miller, David},
   url         = {https://plato.stanford.edu/archives/sum2019/entries/needs/},
   editor      = {Zalta, Edward},
   edition     = {{Summer} 2019},
   year        = {2019}
}

@article{chen_otree_2016,
   title       = {{oTree}. {An} {Open}-{Source} {Platform} for {Laboratory}, {Online}, and {Field} {Experiments}},
   volume      = {9},
   journal     = {Journal of Behavioral and Experimental Finance},
   author      = {Chen, Daniel and Schonger, Martin and Wickens, Chris},
   year        = {2016},
   pages       = {88--97}
}

@book{daniels_just_1985,
   address     = {Cambridge},
   title       = {Just {Health} {Care}},
   publisher   = {Cambridge University Press},
   author      = {Daniels, Norman},
   year        = {1985}
}

@article{doyal_theory_1984,
   title       = {A {Theory} of {Human} {Needs}},
   volume      = {4},
   number      = {10},
   journal     = {Critical Social Policy},
   author      = {Doyal, Len and Gough, Ian},
   year        = {1984},
   pages       = {6--38}
}

@book{doyal_theory_1991,
   address     = {Basingstoke},
   title       = {A {Theory} of {Human} {Need}},
   publisher   = {Palgrave Macmillan},
   author      = {Doyal, Len and Gough, Ian},
   year        = {1991}
}

@misc{european_repowereu_2022,
   title       = {{REPowerEU}. {Joint} {European} {Action} for {More} {Affordable}, {Secure} and {Sustainable} {Energy}},
   author      = {{European Commission}},
   url         = {https://ec.europa.eu/commission/presscorner/api/files/document/print/en/ip_22_1511/IP_22_1511_EN.pdf},
   year        = {2022}
}

@misc{gesellschaft_fur_integrierte_kommunikationsforschung_best_2019,
   title       = {Best for {Planning}. {Interlink} {Data} in a {Meaningful} {Way}},
   author      = {{Gesellschaft für integrierte Kommunikationsforschung}},
   year        = {2019}
}

@book{hamilton_political_2003,
   address     = {Cambridge},
   title       = {The {Political} {Philosophy} of {Needs}},
   publisher   = {Cambridge University Press},
   author      = {Hamilton, Lawrence},
   year        = {2003}
}

@article{konow_fair_2001,
   title       = {Fair and {Square}. {The} {Four} {Sides} of {Distributive} {Justice}},
   volume      = {46},
   number      = {2},
   journal     = {Journal of Economic Behavior \& Organization},
   author      = {Konow, James},
   year        = {2001},
   pages       = {137--164}
}

@article{konow_which_2003,
   title       = {Which is the {Fairest} {One} of {All}? {A} {Positive} {Analysis} of {Justice} {Theories}},
   volume      = {41},
   number      = {4},
   journal     = {Journal of Economic Literature},
   author      = {Konow, James},
   year        = {2003},
   pages       = {1188--1239}
}

@book{miller_principles_1999,
   address     = {Cambridge and London},
   title       = {Principles of {Social} {Justice}},
   publisher   = {Harvard University Press},
   author      = {Miller, David},
   year        = {1999}
}

@techreport{miller_human_2007,
   type        = {Department of Politics and International Relations Working Paper},
   title       = {Human {Rights}, {Basic} {Needs}, and {Scarcity}},
   number      = {SJ007},
   author      = {Miller, David},
   year        = {2007}
}

@incollection{miller_needs-based_2020,
   address     = {Berlin and Boston},
   title       = {Needs-{Based} {Justice}. {Theory} and {Evidence}},
   booktitle   = {Empirical {Research} and {Normative} {Theory}. {Transdisciplinary} {Perspectives} on two {Methodical} {Traditions} {Between} {Separation} and {Interdependence}},
   publisher   = {Walter de Gruyter},
   author      = {Miller, David},
   editor      = {Bauer, Alexander Max and Meyerhuber, Malte Ingo},
   year        = {2020},
   pages       = {271--292}
}

@incollection{nussbaum_aristotelian_1990,
   address     = {New York and London},
   title       = {Aristotelian {Social} {Democracy}},
   booktitle   = {Liberalism and the {Good}},
   publisher   = {Routledge},
   author      = {Nussbaum, Martha},
   editor      = {Douglass, Bruce and Mara, Gerald and Richardson, Henry},
   year        = {1990},
   pages       = {203--252}
}

@book{schwettmann_trading_2009,
   address     = {Frankfurt am Main},
   title       = {Trading off {Competing} {Allocation} {Principles}. {Theoretical} {Approaches} and {Empirical} {Investigations}},
   publisher   = {Peter Lang},
   author      = {Schwettmann, Lars},
   year        = {2009}
}

@incollection{siebel_need-based_2020,
   address     = {Cham},
   title       = {Need-{Based} {Justice} from the {Perspective} of {Philosophy}},
   booktitle   = {Need-{Based} {Distributive} {Justice}. {An} {Interdisciplinary} {Perspective}},
   publisher   = {Springer},
   author      = {Siebel, Mark and Schramme, Thomas},
   editor      = {Traub, Stefan and Kittel, Bernhard},
   year        = {2020},
   pages       = {21--59}
}

@article{snijders_modeled_1994,
   title       = {Modeled {Variance} in {Two}-{Level} {Models}},
   volume      = {22},
   number      = {3},
   journal     = {Sociological Methods \& Research},
   author      = {Snijders, Tom and Bosker, Roel},
   year        = {1994},
   pages       = {342--363}
}

@techreport{weis_needs_2017,
   address     = {Hamburg},
   type        = {FOR2104 Working Paper},
   title       = {Needs as {Reference} {Points}. {When} {Marginal} {Gains} to the {Poor} do not {Matter}},
   number      = {2017-13},
   author      = {Weiß, Arne Robert and Bauer, Alexander Max and Traub, Stefan},
   year        = {2017}
}

@article{wiggins_needs_1987,
   title       = {Needs, {Need}, {Needing}},
   volume      = {13},
   number      = {2},
   journal     = {Journal of Medical Ethics},
   author      = {Wiggins, David},
   year        = {1987},
   pages       = {62--68}
}
